@online{wikipedia_dialectic,
    author = {Wikipedia},
    title = {Dialectic},
    date = {2025-02-01},
    year = {2025},
    url = {https://en.wikipedia.org/wiki/Dialectic},
}

@book{kegan2016everyone,
    title={An everyone culture: Becoming a deliberately developmental organization},
    author={Kegan, Robert and Lahey, Lisa Laskow},
    year={2016},
    publisher={Harvard Business Review Press}
}

@misc{laske_MHD_vol_I,
    title={Measuring hidden dimensions (vol. 1): The art and science of fully engaging adults},
    author={Laske, O},
    year={2005},
    publisher={IDM Press, available as a pdf in Section C of https://interdevelopmentals~…}
}

@misc{laske_MHD_vol_II,
    title={Measuring hidden dimensions (vol. 2): Foundations of requisite organization},
    author={Laske, O},
    year={2008},
    publisher={IDM Press, available at Section C of https://interdevelopmentals. org~…}
}

@book{shannon_metathinking,
    title={Metathinking},
    author={Shannon, Nick and Frischherz, Bruno},
    publisher={Springer},
    year = {2020},
}

@incollection{laske_2023_4_moments,
    title={The Individual Moments of Dialectic},
    author={Laske, Otto},
    booktitle={Advanced Systems-Level Problem Solving, Volume 3: Manual of Dialectical Thought Forms},
    pages={25--48},
    year={2023},
    publisher={Springer}
}

@book{jaques1989requisite,
    title={Requisite organization: The CEO's guide to creative structure and leadership},
    author={Jaques, Elliott},
    year={1989},
    publisher={Cason Hall Arlington, VA}
}